@article{bigdely2015prep,
  title={{The PREP pipeline: standardized preprocessing for large-scale EEG analysis}},
  author={Bigdely-Shamlo, N. and Mullen, T. and Kothe, C. and Su, K-M and Robbins, K.A.},
  journal={{Front. Neuroinform.}},
  volume={9},
  year={2015},
  publisher={Frontiers Media SA}
}

@article{nolan2010faster,
  title={{FASTER: Fully Automated Statistical Thresholding for EEG artifact Rejection}},
  author={Nolan, H. and Whelan, R. and Reilly, R.B.},
  journal={{J. Neurosci. Methods}},
  volume={192},
  number={1},
  pages={152--162},
  year={2010},
  publisher={Elsevier}
}

@article{diedrichsen2005detecting,
  title={{Detecting and adjusting for artifacts in fMRI time series data}},
  author={Diedrichsen, J. and Shadmehr, R.},
  journal={{NeuroImage}},
  volume={27},
  number={3},
  pages={624--634},
  year={2005},
  publisher={Elsevier}
}

@article{mullen2015real,
  title={{Real-time Neuroimaging and Cognitive Monitoring Using Wearable Dry EEG}},
  author={Mullen, T. and Kothe, C. and Chi, M. and Ojeda, A. and Kerth, T. and Makeig, S. and Jung, T.P. and Cauwenberghs, G.},
  journal={{IEEE T. Bio-Med. Eng.}},
  volume={62},
  number={11},
  pages={2553--2567},
  year={2015},
  publisher={IEEE}
}

@article{vigario1997extraction,
  title={{Extraction of ocular artefacts from EEG using independent component analysis}},
  author={Vig{\'a}rio, R.N.},
  journal={{Electroen. Clin. Neuro.}},
  volume={103},
  number={3},
  pages={395--404},
  year={1997},
  publisher={Elsevier}
}

@article{uusitalo1997signal,
  title={{Signal-space projection method for separating MEG or EEG into components}},
  author={Uusitalo, M.A. and Ilmoniemi, R.J.},
  journal={{Med. Biol. Eng. Comput.}},
  volume={35},
  number={2},
  pages={135--140},
  year={1997},
  publisher={Springer}
}

@article{van2012human,
  title={{The Human Connectome Project: a data acquisition perspective}},
  author={Van Essen, D.C. and Ugurbil, K. and Auerbach, E. and Barch, D. and Behrens, T.E.J. and Bucholz, R. and Chang, A. and Chen, L. and Corbetta, M. and Curtiss, S.W. and others},
  journal={{NeuroImage}},
  volume={62},
  number={4},
  pages={2222--2231},
  year={2012},
  publisher={Elsevier}
}

@article{rivet2009xdawn,
  title={{xDAWN algorithm to enhance evoked potentials: application to brain--computer interface}},
  author={Rivet, B. and Souloumiac, A. and Attina, V. and Gibert, G.},
  journal={{IEEE T Bio-Med Eng.}},
  volume={56},
  number={8},
  pages={2035--2043},
  year={2009},
  publisher={IEEE}
}

@article{taulu2004suppression,
  title={Suppression of interference and artifacts by the signal space separation method},
  author={Taulu, S. and Kajola, M. and Simola, J.},
  journal={{Brain Topography}},
  volume={16},
  number={4},
  pages={269--275},
  year={2004},
  publisher={Springer}
}

@article{hamalainen1994interpreting,
  title={Interpreting magnetic fields of the brain: minimum norm estimates},
  author={H{\"a}m{\"a}l{\"a}inen, M.S. and Ilmoniemi, R.J.},
  journal={{Med. Biol. Eng. Comput.}},
  volume={32},
  number={1},
  pages={35--42},
  year={1994},
  publisher={Springer}
}

@article{perrin1989spherical,
  title={Spherical splines for scalp potential and current density mapping},
  author={Perrin, F. and Pernier, J. and Bertrand, O. and Echallier, J.F.},
  journal={{Electroen. Clin. Neuro.}},
  volume={72},
  number={2},
  pages={184--187},
  year={1989},
  publisher={Elsevier}
}

@article{gramfort2013meg,
  title={{MEG and EEG data analysis with MNE-Python}},
  author={Gramfort, A. and Luessi, M. and Larson, E. and Engemann, D.A. and Strohmeier, D. and others},
  journal={{Front. Neurosci.}},
  volume={7},
  year={2013},
  publisher={Frontiers Media SA}
}

@article{de2007denoising,
  title={{Denoising based on time-shift PCA}},
  author={De Cheveign{\'e}, A. and Simon, J.Z.},
  journal={{J. Neurosci. Methods}},
  volume={165},
  number={2},
  pages={297--305},
  year={2007},
  publisher={Elsevier}
}

@article{de2008sensor,
  title={Sensor noise suppression},
  author={De Cheveign{\'e}, A. and Simon, J.Z.},
  journal={{J. of Neurosci. Methods}},
  volume={168},
  number={1},
  pages={195--202},
  year={2008},
  publisher={Elsevier}
}

@incollection{taulu2012,
  title={{Suppression of uncorrelated  sensor noise and artifacts in multichannel MEG data}},
  author={Taulu, S. and Simola, J. and Kajola, M. and Helle, L. and Ahonen, A. and others},
  booktitle={18th international conference on biomagnetism},
  pages={285},
  year={2012},
  location={Paris}
}

@article{kriegeskorte2009circular,
  title={Circular analysis in systems neuroscience: the dangers of double dipping},
  author={Kriegeskorte, N. and Simmons, W.K. and Bellgowan, P.S.F. and Baker, C.I.},
  journal={{Nat. Neurosci.}},
  volume={12},
  number={5},
  pages={535--540},
  year={2009},
  publisher={Nature Publishing Group}
}

@article{mne,
title ={{MNE software for processing MEG and EEG data}},
journal = {{NeuroImage}},
issn = {1053-8119},
note = {},
year = {2014},
pages = {446 - 460},
number = {0},
volume = {86},
doi = "http://dx.doi.org/10.1016/j.neuroimage.2013.10.027",
AUTHOR = {Gramfort, A. and Luessi, M. and Larson, E. and Engemann, D. and Strohmeier, D. and others}
}

@article{leung2005cross,
  title={Cross-validation in nonparametric regression with outliers},
  author={Leung, D.H.Y.},
  journal={{Ann. Stat.}},
  pages={2291--2310},
  year={2005},
  publisher={JSTOR}
}

@techreport{de2003robust,
  title={Robust cross-validation score functions with application to weighted least squares support vector machine function estimation},
  author={De Brabanter, J. and Pelckmans, K. and Suykens, J.A.K. and Vandewalle, J. and De Moor, B.},
  institution={K.U. Leuven},
  year={2003}
}

@article{Engemann2015328,
title = {{Automated model selection in covariance estimation and spatial whitening of MEG and EEG signals}},
journal = {{NeuroImage}},
volume = "108",
pages ={328--342},
year ={2015},
author = {Engemann, D.A. and Gramfort, A.},
}

@InProceedings{dengemann2015conc,
author = {Engemann, D. and Raimondo, F. and King, J.R. and Jas, M. and Gramfort, A. and Dehaene, S. and Naccache, L. and Sitt, J.},
title = {{Automated measurement and prediction of consciousness in vegetative state and minimally conscious patients.}},
booktitle = {{Workshop on Statistics, Machine Learning and Neuroscience at the International Conference on Machine Learning (ICML)}},
year = 2015,
address = {Lille},
month = July
}

@inproceedings{barachant2013riemannian,
  title={{The Riemannian Potato: an automatic and adaptive artifact detection method for online experiments using Riemannian geometry}},
  author={Barachant, A. and Andreev, A. and Congedo, M.},
  booktitle={TOBI Workshop lV},
  pages={19--20},
  year={2013}
}

@misc{kothe2015artifact,
  title={Artifact removal techniques with signal reconstruction},
  author={Kothe, C.A.E. and Jung, T.P.},
  url={http://www.google.com/patents/WO2015047462A9?cl=en},
  year={2015},
  month=jul # "~16",
  publisher={Google Patents},
  note={WO Patent App. PCT/US2014/040,770}
}

@article{wakeman2015multi,
  title={A multi-subject, multi-modal human neuroimaging dataset},
  author={Wakeman, D.G. and Henson, R.N.},
  journal={{Sci. Data}},
  volume={2},
  year={2015},
  publisher={Nature Publishing Group}
}

@article{goldberger2000physiobank,
  title={{Physiobank, physiotoolkit, and physionet components of a new research resource for complex physiologic signals}},
  author={Goldberger, A.L. and Amaral, L.A.N. and Glass, L. and Hausdorff, J.M. and Ivanov, PCh and others},
  journal={Circulation},
  volume={101},
  number={23},
  pages={e215--e220},
  year={2000},
  publisher={Am Heart Assoc}
}

@article{ghahramani2015probabilistic,
  title={Probabilistic machine learning and artificial intelligence},
  author={Ghahramani, Zoubin},
  journal={Nature},
  volume={521},
  number={7553},
  pages={452--459},
  year={2015},
  publisher={Nature Publishing Group}
}

@article{olshausen1997sparse,
  title={{Sparse coding with an overcomplete basis set: A strategy employed by V1?}},
  author={Olshausen, Bruno A and Field, David J},
  journal={Vision research},
  volume={37},
  number={23},
  pages={3311--3325},
  year={1997},
  publisher={Elsevier}
}

@article{mazaheri2008asymmetric,
  title={Asymmetric amplitude modulations of brain oscillations generate slow evoked responses},
  author={Mazaheri, Ali and Jensen, Ole},
  journal={{The Journal of Neuroscience}},
  volume={28},
  number={31},
  pages={7781--7787},
  year={2008},
  publisher={Soc Neuroscience}
}

@inproceedings{bigdely2013hierarchical,
  title={{Hierarchical event descriptor (HED) tags for analysis of event-related EEG studies}},
  author={Bigdely-Shamlo, Nima and Kreutz-Delgado, Kenneth and Robbins, Kay and Miyakoshi, Makoto and Westerfield, Marissa and Bel-Bahar, Tarik and Kothe, Christian and Hsi, Jessica and Makeig, Scott},
  booktitle={Global Conference on Signal and Information Processing (GlobalSIP)},
  pages={1--4},
  year={2013},
  organization={IEEE}
}

@inproceedings{mairal2009online,
  title={Online dictionary learning for sparse coding},
  author={Mairal, Julien and Bach, Francis and Ponce, Jean and Sapiro, Guillermo},
  booktitle={{Proceedings of the 26th annual International Conference on Machine Learning (ICML)}},
  pages={689--696},
  year={2009},
  organization={ACM}
}

@article{lewicki1999coding,
  title={Coding time-varying signals using sparse, shift-invariant representations},
  author={Lewicki, Michael S and Sejnowski, Terrence J},
  year={1999},
  booktitle={{Advances in Neural Information Processing Systems (NIPS)}}
}

@article{grosse2012shift,
  title={{Shift-Invariant Sparse Coding for Audio Classification}},
  author={Grosse, Roger and Raina, Rajat and Kwong, Helen and Ng, Andrew Y},
  journal={arXiv preprint arXiv:1206.5241},
  year={2012}
}

@inproceedings{lee2006efficient,
  title={Efficient sparse coding algorithms},
  author={Lee, Honglak and Battle, Alexis and Raina, Rajat and Ng, Andrew Y},
  booktitle={{Advances in Neural Information Processing Systems (NIPS)}},
  pages={801--808},
  year={2006}
}

@inproceedings{kavukcuoglu2010learning,
  title={Learning convolutional feature hierarchies for visual recognition},
  author={Kavukcuoglu, Koray and Sermanet, Pierre and Boureau, Y-Lan and Gregor, Karol and Mathieu, Micha{\"e}l and Cun, Yann L},
  booktitle={{Advances in Neural Information Processing Systems}},
  pages={1090--1098},
  year={2010}
}

@inproceedings{gregor2010learning,
  title={Learning fast approximations of sparse coding},
  author={Gregor, Karol and LeCun, Yann},
  booktitle={{Proceedings of the 27th International Conference on Machine Learning (ICML)}},
  pages={399--406},
  year={2010}
}

@inproceedings{chalasani2013fast,
  title={A fast proximal method for convolutional sparse coding},
  author={Chalasani, Rakesh and Principe, Jose C and Ramakrishnan, Naveen},
  booktitle={{Neural Networks (IJCNN), The 2013 International Joint Conference on}},
  pages={1--5},
  year={2013},
  organization={IEEE}
}

@article{beck2009fast,
  title={A fast iterative shrinkage-thresholding algorithm for linear inverse problems},
  author={Beck, Amir and Teboulle, Marc},
  journal={SIAM journal on imaging sciences},
  volume={2},
  number={1},
  pages={183--202},
  year={2009},
  publisher={SIAM}
}

@inproceedings{zeiler2010deconvolutional,
  title={Deconvolutional networks},
  author={Zeiler, Matthew D and Krishnan, Dilip and Taylor, Graham W and Fergus, Rob},
  booktitle={{Computer Vision and Pattern Recognition (CVPR), 2010 IEEE Conference on}},
  pages={2528--2535},
  year={2010},
  organization={IEEE}
}

@article{lecun1989backpropagation,
  title={Backpropagation applied to handwritten zip code recognition},
  author={LeCun, Yann and Boser, Bernhard and Denker, John S and Henderson, Donnie and Howard, Richard E and Hubbard, Wayne and Jackel, Lawrence D},
  journal={{Neural Computation}},
  volume={1},
  number={4},
  pages={541--551},
  year={1989},
  publisher={MIT Press}
}

@inproceedings{jost2006motif,
  title={{MoTIF: an efficient algorithm for learning translation invariant dictionaries}},
  author={Jost, Philippe and Vandergheynst, Pierre and Lesage, Sylvain and Gribonval, R{\'e}mi},
  booktitle={{Acoustics, Speech and Signal Processing, 2006. ICASSP 2006 Proceedings. 2006 IEEE International Conference on}},
  volume={5},
  pages={V--V},
  year={2006},
  organization={IEEE}
}

@article{sieluzyckiamultivariate,
  title={{Multivariate Matching Pursuit in the Analysis of Single-trial Latency of the Auditory M100 Acquired with MEG}},
  author={Sielu{\.z}yckia, Cezary and Ku{\'s}b, Rafa{\l} and Matysiakb, Artur and Durkab, Piotr J and K{\"o}niga, Reinhard},
  volume={11},
  number={4},
  pages={155--160},
  year={2009},
  journal={{International Journal of Bioelectromagnetism}}
}

@article{durka2005multichannel,
  title={{Multichannel matching pursuit and EEG inverse solutions}},
  author={Durka, Piotr J and Matysiak, Artur and Montes, Eduardo Mart{\'\i}nez and Sosa, Pedro Vald{\'e}s and Blinowska, Katarzyna J},
  journal={{J. Neurosci. Methods}},
  volume={148},
  number={1},
  pages={49--59},
  year={2005},
  publisher={Elsevier}
}

@article{sieluzycki2009single,
  title={Single-trial evoked brain responses modeled by multivariate matching pursuit},
  author={Sielu{\'z}ycki, Cezary and K{\"o}nig, Reinhard and Matysiak, Artur and Ku{\'s}, Rafal and Ircha, Dobieslaw and Durka, Piotr J},
  journal={{Biomedical Engineering, IEEE Transactions on}},
  volume={56},
  number={1},
  pages={74--82},
  year={2009},
  publisher={IEEE}
}

@article{barthelemy2013multivariate,
  title={{Multivariate temporal dictionary learning for EEG}},
  author={Barth{\'e}lemy, Quentin and Gouy-Pailler, Cedric and Isaac, Yoann and Souloumiac, Antoine and Larue, Anthony and Mars, J{\'e}r{\^o}me I},
  journal={{J. Neurosci. Methods}},
  volume={215},
  number={1},
  pages={19--28},
  year={2013},
  publisher={Elsevier}
}

@article{benar2009consensus,
  title={{Consensus matching pursuit for multi-trial EEG signals}},
  author={B{\'e}nar, Christian G and Papadopoulo, Th{\'e}odore and Torr{\'e}sani, Bruno and Clerc, Maureen},
  journal={{J. Neurosci. Methods}},
  volume={180},
  number={1},
  pages={161--170},
  year={2009},
  publisher={Elsevier}
}

@inproceedings{heide2015fast,
  title={Fast and flexible convolutional sparse coding},
  author={Heide, Felix and Heidrich, Wolfgang and Wetzstein, Gordon},
  booktitle={{Computer Vision and Pattern Recognition (CVPR), 2015 IEEE Conference on}},
  pages={5135--5143},
  year={2015},
  organization={IEEE}
}

@article{vsorel2016fast,
  title={Fast convolutional sparse coding using matrix inversion lemma},
  author={{\v{S}}orel, Michal and {\v{S}}roubek, Filip},
  journal={{Digital Signal Processing}},
  year={2016},
  publisher={Elsevier}
}

@article{wohlberg2016efficient,
  title={{Efficient Algorithms for Convolutional Sparse Representations}},
  author={Wohlberg, Brendt},
  journal={{Image Processing, IEEE Transactions on}},
  volume={25},
  number={1},
  pages={301--315},
  year={2016},
  publisher={IEEE}
}

